<record><leader>00000cas a22000007a 4500</leader><controlfield tag="001">16273758</controlfield><controlfield tag="008">870724d18621864njuwr ne      0    0eng d</controlfield><datafield ind1=" " ind2=" " tag="010"><subfield code="a">sn 87068215 </subfield></datafield><datafield ind1=" " ind2=" " tag="040"><subfield code="a">NJW</subfield><subfield code="b">eng</subfield><subfield code="c">NJW</subfield><subfield code="d">OCLCQ</subfield></datafield><datafield ind1=" " ind2=" " tag="042"><subfield code="a">msc</subfield></datafield><datafield ind1="0" ind2="0" tag="245"><subfield code="a">Union national Democrat and Rahway Republican.</subfield></datafield><datafield ind1=" " ind2=" " tag="260"><subfield code="a">Rahway and Elizabeth [N.J.] :</subfield><subfield code="b">Josephus Shann</subfield></datafield><datafield ind1=" " ind2=" " tag="310"><subfield code="a">Weekly</subfield></datafield><datafield ind1="1" ind2=" " tag="362"><subfield code="a">Began in 1862; ceased in 1864?</subfield></datafield><datafield ind1=" " ind2=" " tag="530"><subfield code="a">Also issued on microfilm as part of the Civil War newspapers collection.</subfield></datafield><datafield ind1=" " ind2=" " tag="588"><subfield code="a">Description based on: No. 1146 (Sept. 18, 1862).</subfield></datafield><datafield ind1=" " ind2=" " tag="752"><subfield code="a">United States</subfield><subfield code="b">New Jersey</subfield><subfield code="c">Union</subfield><subfield code="d">Rahway.</subfield></datafield><datafield ind1=" " ind2=" " tag="752"><subfield code="a">United States</subfield><subfield code="b">New Jersey</subfield><subfield code="c">Union</subfield><subfield code="d">Elizabeth.</subfield></datafield><datafield ind1="0" ind2="0" tag="780"><subfield code="t">Rahway Republican, and Union and Middlesex national Democrat</subfield><subfield code="w">(DLC)sn 86077016</subfield><subfield code="w">(OCoLC)13039655</subfield></datafield><datafield ind1="0" ind2="0" tag="785"><subfield code="t">National Democrat (Rahway, N.J.)</subfield><subfield code="w">(DLC)sn 84026224</subfield><subfield code="w">(OCoLC)10351186</subfield></datafield></record>